[gd_scene load_steps=4 format=3 uid="uid://bb8xmyf2ofbw3"]

[ext_resource type="Script" path="res://scripts/settings_menu.gd" id="1_u7mgg"]

[sub_resource type="LabelSettings" id="LabelSettings_2u08u"]
font_size = 30
font_color = Color(0, 0, 0, 1)

[sub_resource type="LabelSettings" id="LabelSettings_4oa30"]
font_color = Color(0, 0, 0, 1)

[node name="SettingsMenu" type="Control"]
layout_mode = 3
anchors_preset = 15
anchor_right = 1.0
anchor_bottom = 1.0
grow_horizontal = 2
grow_vertical = 2
script = ExtResource("1_u7mgg")

[node name="ColorRect" type="ColorRect" parent="."]
layout_mode = 1
anchors_preset = 8
anchor_left = 0.5
anchor_top = 0.5
anchor_right = 0.5
anchor_bottom = 0.5
offset_left = -290.0
offset_top = -187.0
offset_right = 290.0
offset_bottom = 187.0
grow_horizontal = 2
grow_vertical = 2

[node name="ColorRect" type="ColorRect" parent="ColorRect"]
layout_mode = 1
anchors_preset = 15
anchor_right = 1.0
anchor_bottom = 1.0
offset_left = 8.0
offset_top = 8.0
offset_right = -8.0
offset_bottom = -8.0
grow_horizontal = 2
grow_vertical = 2
color = Color(0, 0, 0, 0.290196)

[node name="Label" type="Label" parent="ColorRect/ColorRect"]
layout_mode = 0
offset_left = 6.0
offset_top = -1.0
offset_right = 146.0
offset_bottom = 41.0
text = "SETTINGS"
label_settings = SubResource("LabelSettings_2u08u")

[node name="VBoxContainer" type="VBoxContainer" parent="ColorRect/ColorRect"]
layout_mode = 1
anchors_preset = 15
anchor_right = 1.0
anchor_bottom = 1.0
offset_left = 6.0
offset_top = 42.0
offset_right = -6.0
offset_bottom = -6.0
grow_horizontal = 2
grow_vertical = 2

[node name="HBoxContainer" type="HBoxContainer" parent="ColorRect/ColorRect/VBoxContainer"]
layout_mode = 2

[node name="Label" type="Label" parent="ColorRect/ColorRect/VBoxContainer/HBoxContainer"]
layout_mode = 2
size_flags_horizontal = 3
text = "MOUSE_SENSETIVITY"
label_settings = SubResource("LabelSettings_4oa30")

[node name="Mouse" type="HSlider" parent="ColorRect/ColorRect/VBoxContainer/HBoxContainer"]
unique_name_in_owner = true
layout_mode = 2
size_flags_horizontal = 3
tooltip_text = "TP_MOUSE_SENSETIVITY"
min_value = 0.001
max_value = 0.1
step = 0.001
value = 0.01

[node name="HBoxContainer2" type="HBoxContainer" parent="ColorRect/ColorRect/VBoxContainer"]
layout_mode = 2

[node name="Label" type="Label" parent="ColorRect/ColorRect/VBoxContainer/HBoxContainer2"]
layout_mode = 2
size_flags_horizontal = 3
text = "DELETE_SAVE_DATA_EXPLANATION"
label_settings = SubResource("LabelSettings_4oa30")

[node name="Button" type="Button" parent="ColorRect/ColorRect/VBoxContainer/HBoxContainer2"]
layout_mode = 2
size_flags_horizontal = 3
tooltip_text = "TP_DELETE_SAVE_DATA"
text = "DELETE_SAVE_DATA"

[node name="Button" type="Button" parent="ColorRect/ColorRect"]
layout_mode = 1
anchors_preset = 2
anchor_top = 1.0
anchor_bottom = 1.0
offset_left = 4.0
offset_top = -36.0
offset_right = 117.0
offset_bottom = -5.0
grow_vertical = 0
text = "SAVE_AND_CLOSE"

[node name="ConfirmDelete" type="ColorRect" parent="."]
unique_name_in_owner = true
visible = false
layout_mode = 1
anchors_preset = 8
anchor_left = 0.5
anchor_top = 0.5
anchor_right = 0.5
anchor_bottom = 0.5
offset_left = -120.0
offset_top = -95.0
offset_right = 120.0
offset_bottom = 95.0
grow_horizontal = 2
grow_vertical = 2
color = Color(0, 0, 0, 1)

[node name="Label" type="Label" parent="ConfirmDelete"]
layout_mode = 1
anchors_preset = 10
anchor_right = 1.0
offset_bottom = 156.0
grow_horizontal = 2
text = "DELETE_ALL_QUESTION"
horizontal_alignment = 1
autowrap_mode = 3

[node name="HBoxContainer" type="HBoxContainer" parent="ConfirmDelete"]
layout_mode = 1
anchors_preset = 12
anchor_top = 1.0
anchor_right = 1.0
anchor_bottom = 1.0
offset_top = -37.0
grow_horizontal = 2
grow_vertical = 0

[node name="Delete" type="Button" parent="ConfirmDelete/HBoxContainer"]
layout_mode = 2
size_flags_horizontal = 3
tooltip_text = "TP_DELETE_YES"
text = "YES_DELETE"

[node name="Keep" type="Button" parent="ConfirmDelete/HBoxContainer"]
layout_mode = 2
size_flags_horizontal = 3
tooltip_text = "TP_DELETE_NO"
text = "NO"

[connection signal="pressed" from="ColorRect/ColorRect/VBoxContainer/HBoxContainer2/Button" to="." method="delete_save_data"]
[connection signal="pressed" from="ColorRect/ColorRect/Button" to="." method="close"]
[connection signal="pressed" from="ConfirmDelete/HBoxContainer/Delete" to="." method="delete_all_save_data"]
[connection signal="pressed" from="ConfirmDelete/HBoxContainer/Keep" to="." method="keep_save_data"]
